% ATLAS Useful References
% Taken from https://twiki.cern.ch/twiki/bin/view/AtlasProtected/PubComUsefulBibTex

% LHC
@Article{Evans:2008zzb,
      author         = "Evans, Lyndon and Bryant, Philip",
      title          = "{LHC Machine}",
      journal        = "JINST",
      volume         = "3",
      pages          = "S08001",
      doi            = "10.1088/1748-0221/3/08/S08001",
      year           = "2008",
      SLACcitation   = "%%CITATION = JINST,3,S08001;%%",
}

% Beam Energy
@Article{PhysRevAccelBeams.20.081003,
  title = {Large Hadron Collider momentum calibration and accuracy},
  author = {Todesco, E. and Wenninger, J.},
  journal = {Phys. Rev. Accel. Beams},
  volume = {20},
  pages = {081003},
  year = {2017},
  doi = {10.1103/PhysRevAccelBeams.20.081003},
  url = {https://link.aps.org/doi/10.1103/PhysRevAccelBeams.20.081003}
}

% anti-kt algorithm
@Article{Cacciari:2008gp,
     author    = "Cacciari, Matteo and Salam, Gavin P. and Soyez, Gregory",
     title     = "{The anti-\(k_t\) jet clustering algorithm}",
     journal   = "JHEP",
     volume    = "04",
     year      = "2008",
     pages     = "063",
     eprint    = "0802.1189",
     archivePrefix = "arXiv",
     primaryClass  =  "hep-ph",
     doi       = "10.1088/1126-6708/2008/04/063",
     SLACcitation  = "%%CITATION = 0802.1189;%%"
}

% FastJet
@Article{Fastjet,
      author         = "Cacciari, Matteo and Salam, Gavin P. and Soyez, Gregory",
      title          = "{FastJet User Manual}",
      journal        = "Eur. Phys. J. C",
      volume         = "72",
      year           = "2012",
      pages          = "1896",
      doi            = "10.1140/epjc/s10052-012-1896-2",
      eprint         = "1111.6097",
      archivePrefix  = "arXiv",
      primaryClass   = "hep-ph",
      reportNumber   = "CERN-PH-TH-2011-297",
      SLACcitation   = "%%CITATION = ARXIV:1111.6097;%%"
}

% PDF4LHC Recommendations
@Article{Butterworth:2015oua,
      author         = "Butterworth, Jon and others",
      title          = "{PDF4LHC recommendations for LHC Run II}",
      journal        = "J. Phys. G",
      volume         = "43",
      year           = "2016",
      pages          = "023001",
      doi            = "10.1088/0954-3899/43/2/023001",
      eprint         = "1510.03865",
      archivePrefix  = "arXiv",
      primaryClass   = "hep-ph",
      reportNumber   = "OUTP-15-17P, SMU-HEP-15-12, TIF-UNIMI-2015-14,
                        LCTS-2015-27, CERN-PH-TH-2015-249",
      SLACcitation   = "%%CITATION = ARXIV:1510.03865;%%"
}

% CTEQ5 PDFs
@Article{Lai:1999wy,
     author    = "Lai, H. L. and others",
 collaboration = "CTEQ",
     title     = "{Global QCD analysis of parton structure of the nucleon:
                  CTEQ5 parton distributions}",
     journal   = "Eur. Phys. J. C",
     volume    = "12",
     year      = "2000",
     pages     = "375",
     eprint    = "hep-ph/9903282",
     archivePrefix = "arXiv",
     doi       = "10.1007/s100529900196",
     SLACcitation  = "%%CITATION = HEP-PH/9903282;%%"
}

% CTEQ6 PDFs
@Article{Pumplin:2002vw,
     author    = "Pumplin, J. and others",
     title     = "{New generation of parton distributions with uncertainties
                  from global QCD analysis}",
     journal   = "JHEP",
     volume    = "07",
     year      = "2002",
     pages     = "012",
     eprint    = "hep-ph/0201195",
     archivePrefix = "arXiv",
     SLACcitation  = "%%CITATION = HEP-PH/0201195;%%"
}

% MRST 2007 PDFs
@Article{Sherstnev:2007nd,
     author    = "Sherstnev, A. and Thorne, R. S.",
     title     = "{Parton Distributions for LO Generators}",
     journal   = "Eur. Phys. J. C",
     volume    = "55",
     year      = "2008",
     pages     = "553",
     eprint    = "0711.2473",
     archivePrefix = "arXiv",
     primaryClass  =  "hep-ph",
     doi       = "10.1140/epjc/s10052-008-0610-x",
     SLACcitation  = "%%CITATION = 0711.2473;%%"
}

% NNPDF 2.3 PDFs
@article{Ball:2012cx,
      author         = "Ball, Richard D. and others",
      title          = "{Parton distributions with LHC data}",
      journal        = "Nucl. Phys. B",
      volume         = "867",
      year           = "2013",
      pages          = "244",
      doi            = "10.1016/j.nuclphysb.2012.10.003",
      eprint         = "1207.1303",
      archivePrefix  = "arXiv",
      primaryClass   = "hep-ph",
      reportNumber   = "EDINBURGH-2012-08, IFUM-FT-997, FR-PHENO-2012-014,
                        RWTH-TTK-12-25, CERN-PH-TH-2012-037, SFB-CPP-12-47\,
                        --CERN-PH-TH-2012-037",
      SLACcitation   = "%%CITATION = ARXIV:1207.1303;%%"
}

% NNPDF 3.0 PDFs
@article{Ball:2014uwa,
      author         = "Ball, Richard D. and others",
      title          = "{Parton distributions for the LHC Run II}",
      collaboration  = "NNPDF",
      journal        = "JHEP",
      volume         = "04",
      year           = "2015",
      pages          = "040",
      doi            = "10.1007/JHEP04(2015)040",
      eprint         = "1410.8849",
      archivePrefix  = "arXiv",
      primaryClass   = "hep-ph",
      reportNumber   = "EDINBURGH-2014-15, IFUM-1034-FT, CERN-PH-TH-2013-253,
                        OUTP-14-11P, CAVENDISH-HEP-14-11",
      SLACcitation   = "%%CITATION = ARXIV:1410.8849;%%"
}

% Alpgen
@Article{Mangano:2002ea,
      author         = "Mangano, Michelangelo L. and others",
      title          = "{ALPGEN, a generator for hard multiparton processes in
                        hadronic collisions}",
      journal        = "JHEP",
      volume         = "07",
      pages          = "001",
      doi            = "10.1088/1126-6708/2003/07/001",
      year           = "2003",
      eprint         = "hep-ph/0206293",
      archivePrefix  = "arXiv",
      reportNumber   = "CERN-TH-2002-129, FTN-T-2002-06",
      SLACcitation   = "%%CITATION = HEP-PH/0206293;%%",
}

% FEWZ
@Article{Melnikov:2006kv,
     author    = "Melnikov, Kirill and Petriello, Frank",
     title     = "{Electroweak gauge boson production at hadron colliders
                  through \(\mathcal{O}(\alpha_{s}^{2})\)}",
     journal   = "Phys. Rev. D",
     volume    = "74",
     year      = "2006",
     pages     = "114017",
     eprint    = "hep-ph/0609070",
     archivePrefix = "arXiv",
     doi       = "10.1103/PhysRevD.74.114017",
     SLACcitation  = "%%CITATION = HEP-PH/0609070;%%"
}

@Article{Gavin:2010az,
     author    = "Gavin, Ryan and Li, Ye and Petriello, Frank and Quackenbush, Seth",
     title     = "{FEWZ 2.0: A code for hadronic \(Z\) production at next-to-next-to-leading order}",
     year      = "2010",
     pages   = "2388",
     eprint    = "1011.3540",
     archivePrefix = "arXiv",
     primaryClass  =  "hep-ph",
     SLACcitation  = "%%CITATION = 1011.3540;%%"
}

% Pythia6
@Article{Sjostrand:2006za,
     author    = "Sj{\"o}strand, Torbjorn and Mrenna, Stephen and Skands, Peter Z.",
     title     = "{PYTHIA 6.4 Physics and Manual}",
     journal   = "JHEP",
     volume    = "05",
     year      = "2006",
     pages     = "026",
     eprint    = "hep-ph/0603175",
     archivePrefix = "arXiv",
     doi       = "10.1088/1126-6708/2006/05/026",
     SLACcitation  = "%%CITATION = HEP-PH/0603175;%%"
}

% Perugia tunes
@article{Skands:2010ak,
      author         = "Skands, Peter Zeiler",
      title          = "{Tuning Monte Carlo Generators: The Perugia Tunes}",
      journal        = "Phys. Rev. D",
      volume         = "82",
      year           = "2010",
      pages          = "074018",
      doi            = "10.1103/PhysRevD.82.074018",
      eprint         = "1005.3457",
      archivePrefix  = "arXiv",
      primaryClass   = "hep-ph",
      reportNumber   = "MCNET-10-08, CERN-PH-TH-2010-113",
      SLACcitation   = "%%CITATION = ARXIV:1005.3457;%%"
}

% Monash tunes
@article{Skands:2014pea,
      author         = "Skands, Peter and Carrazza, Stefano and Rojo, Juan",
      title          = "{Tuning PYTHIA 8.1: the Monash 2013 Tune}",
      journal        = "Eur. Phys. J. C",
      volume         = "74",
      year           = "2014",
      number         = "8",
      pages          = "3024",
      doi            = "10.1140/epjc/s10052-014-3024-y",
      eprint         = "1404.5630",
      archivePrefix  = "arXiv",
      primaryClass   = "hep-ph",
      reportNumber   = "CERN-PH-TH-2014-069, MCNET-14-08, OUTP-14-05P",
      SLACcitation   = "%%CITATION = ARXIV:1404.5630;%%"
}

% Pythia8
@article{Sjostrand:2014zea,
      author         = "Sj{\"o}strand, Torbj{\"o}rn and Ask, Stefan and Christiansen,
                        Jesper R. and Corke, Richard and Desai, Nishita and Ilten,
                        Philip and Mrenna, Stephen and Prestel, Stefan and
                        Rasmussen, Christine O. and Skands, Peter Z.",
      title          = "{An Introduction to PYTHIA 8.2}",
      journal        = "Comput. Phys. Commun.",
      volume         = "191",
      year           = "2015",
      pages          = "159",
      doi            = "10.1016/j.cpc.2015.01.024",
      eprint         = "1410.3012",
      archivePrefix  = "arXiv",
      primaryClass   = "hep-ph",
      reportNumber   = "LU-TP-14-36, MCNET-14-22, CERN-PH-TH-2014-190,
                        FERMILAB-PUB-14-316-CD, DESY-14-178, SLAC-PUB-16122,
                        --FERMILAB-PUB-14-316-CD",
      SLACcitation   = "%%CITATION = ARXIV:1410.3012;%%"
}

% EvtGen
@Article{Lange:2001uf,
      author         = "Lange, D. J.",
      title          = "{The EvtGen particle decay simulation package}",
      booktitle      = "{Proceedings, 7th International Conference on B physics
                        at hadron machines (BEAUTY 2000)}",
      journal        = "Nucl. Instrum. Meth. A",
      volume         = "462",
      year           = "2001",
      pages          = "152",
      doi            = "10.1016/S0168-9002(01)00089-4",
      SLACcitation   = "%%CITATION = NUIMA,A462,152;%%"
}

% MCatNLO - general
@Article{Frixione:2002ik,
     author    = "Frixione, Stefano and Webber, Bryan R.",
     title     = "{Matching NLO QCD computations and parton shower
                  simulations}",
     journal   = "JHEP",
     volume    = "06",
     year      = "2002",
     pages     = "029",
     eprint    = "hep-ph/0204244",
     archivePrefix = "arXiv"
}

% MCatNLO - process-dependent
@Article{Frixione:2003ei,
     author    = "Frixione, Stefano and Nason, Paolo and Webber, Bryan R.",
     title     = "{Matching NLO QCD and parton showers in heavy flavour
                  production}",
     journal   = "JHEP",
     volume    = "08",
     year      = "2003",
     pages     = "007",
     eprint    = "hep-ph/0305252",
     archivePrefix = "arXiv"
}

@Article{Frixione:2005vw,
     author    = "Frixione, Stefano and Laenen, Eric and Motylinski, Patrick
                  and Webber, Bryan R.",
     title     = "{Single-top production in {MC@NLO}}",
     journal   = "JHEP",
     volume    = "03",
     year      = "2006",
     pages     = "092",
     eprint    = "hep-ph/0512250",
     archivePrefix = "arXiv",
     doi       = "10.1088/1126-6708/2006/03/092"
}

@Article{Frixione:2008yi,
     author    = "Frixione, Stefano and Laenen, Eric and Motylinski, Patrick
                  and Webber, Bryan R. and White, Chris D.",
     title     = "{Single-top hadroproduction in association with a W
                  boson}",
     journal   = "JHEP",
     volume    = "07",
     year      = "2008",
     pages     = "029",
     eprint    = "0805.3067",
     archivePrefix = "arXiv",
     primaryClass  =  "hep-ph",
     doi       = "10.1088/1126-6708/2008/07/029"
}

@Article{Frixione:2010ra,
     author    = "Frixione, Stefano and Stoeckli, Fabian and Torrielli, Paolo
                  and Webber, Bryan R.",
     title     = "{NLO QCD corrections in Herwig++ with {MC@NLO}}",
     journal   = "JHEP",
     volume    = "01",
     year      = "2011",
     pages     = "053",
     eprint    = "1010.0568",
     archivePrefix = "arXiv",
     primaryClass  =  "hep-ph",
     doi       = "10.1007/JHEP01(2011)053"
}

% MadGraph5 v1.X
@Article{Alwall:2011uj,
      author         = "Alwall, Johan and Herquet, Michel and Maltoni, Fabio and
                        Mattelaer, Olivier and Stelzer, Tim",
      title          = "{MadGraph 5 : Going Beyond}",
      journal        = "JHEP",
      volume         = "06",
      pages          = "128",
      doi            = "10.1007/JHEP06(2011)128",
      year           = "2011",
      eprint         = "1106.0522",
      archivePrefix  = "arXiv",
      primaryClass   = "hep-ph"
}

% MadGraph5 v2.X / MadGraph5_aMCatNLO
@Article{Alwall:2014hca,
      author         = "Alwall, J. and Frederix, R. and Frixione, S. and Hirschi,
                        V. and Maltoni, F. and others",
      title          = "{The automated computation of tree-level and
                        next-to-leading order differential cross sections, and
                        their matching to parton shower simulations}",
      journal        = "JHEP",
      volume         = "07",
      pages          = "079",
      doi            = "10.1007/JHEP07(2014)079",
      year           = "2014",
      eprint         = "1405.0301",
      archivePrefix  = "arXiv",
      primaryClass   = "hep-ph"
}

% MadSpin
@article{Artoisenet:2012st,
      author         = "Artoisenet, Pierre and Frederix, Rikkert and Mattelaer,
                        Olivier and Rietkerk, Robbert",
      title          = "{Automatic spin-entangled decays of heavy resonances in
                        Monte Carlo simulations}",
      journal        = "JHEP",
      volume         = "03",
      pages          = "015",
      doi            = "10.1007/JHEP03(2013)015",
      year           = "2013",
      eprint         = "1212.3460",
      archivePrefix  = "arXiv",
      primaryClass   = "hep-ph",
      reportNumber   = "NIKHEF-2012-021, CERN-PH-TH-2012-329",
      SLACcitation   = "%%CITATION = ARXIV:1212.3460;%%",
}

% Herwig
@Article{Corcella:2000bw,
      author         = "Corcella, G. and others",
      title          = "{HERWIG 6: an event generator for hadron emission
                        reactions with interfering gluons (including supersymmetric processes)}",
      journal        = "JHEP",
      volume         = "01",
      pages          = "010",
      doi            = "10.1088/1126-6708/2001/01/010",
      year           = "2001",
      eprint         = "hep-ph/0011363",
      archivePrefix  = "arXiv",
      reportNumber   = "CAVENDISH-HEP-99-03, CERN-TH-2000-284, RAL-TR-2000-048",
      SLACcitation   = "%%CITATION = HEP-PH/0011363;%%",
}

% Herwig++
@Article{Bahr:2008pv,
      author         = "Bahr, M. and others",
      title          = "{Herwig++ Physics and Manual}",
      journal        = "Eur. Phys. J. C",
      volume         = "58",
      year           = "2008",
      pages          = "639",
      doi            = "10.1140/epjc/s10052-008-0798-9",
      eprint         = "0803.0883",
      archivePrefix  = "arXiv",
      primaryClass   = "hep-ph",
      reportNumber   = "CERN-PH-TH-2008-038, CAVENDISH-HEP-08-03, KA-TP-05-2008,
                        DCPT-08-22, IPPP-08-11, CP3-08-05",
      SLACcitation   = "%%CITATION = ARXIV:0803.0883;%%"
}

% Herwig7 - the Herwig++ reference *and*
@Article{Bellm:2015jjp,
      author         = "Bellm, Johannes and others",
      title          = "{Herwig 7.0/Herwig++ 3.0 release note}",
      journal        = "Eur. Phys. J. C",
      volume         = "76",
      year           = "2016",
      number         = "4",
      pages          = "196",
      doi            = "10.1140/epjc/s10052-016-4018-8",
      eprint         = "1512.01178",
      archivePrefix  = "arXiv",
      primaryClass   = "hep-ph",
      reportNumber   = "CERN-PH-TH-2015-289, MAN-HEP-2015-15, IFJPAN-IV-2015-13,
                        HERWIG-2015-01, KA-TP-18-2015, DCPT-15-142, MCNET-15-28,
                        IPPP-15-71, --HERWIG-2015-01",
      SLACcitation   = "%%CITATION = ARXIV:1512.01178;%%"
}

% Jimmy
@Article{Butterworth:1996zw,
      author         = "Butterworth, J.M. and Forshaw, Jeffrey R. and Seymour, M.H.",
      title          = "{Multiparton interactions in photoproduction at HERA}",
      journal        = "Z. Phys. C",
      volume         = "72",
      pages          = "637",
      doi            = "10.1007/s002880050286",
      year           = "1996",
      eprint         = "hep-ph/9601371",
      archivePrefix  = "arXiv",
      reportNumber   = "CERN-TH-96-82, M-C-TH-96-05, UCL-HEP-96-02",
      SLACcitation   = "%%CITATION = HEP-PH/9601371;%%",
}

% MCFM
@Article{Campbell:1999ah,
      author         = "Campbell, John M. and Ellis, R. Keith",
      title          = "{Update on vector boson pair production at hadron colliders}",
      journal        = "Phys. Rev. D",
      volume         = "60",
      pages          = "113006",
      doi            = "10.1103/PhysRevD.60.113006",
      year           = "1999",
      eprint         = "hep-ph/9905386",
      archivePrefix  = "arXiv",
      reportNumber   = "FERMILAB-PUB-99-146-T",
      SLACcitation   = "%%CITATION = HEP-PH/9905386;%%",
}

% Powheg - general
@Article{Nason:2004rx,
      author         = "Nason, Paolo",
      title          = "{A new method for combining NLO QCD with shower Monte Carlo algorithms}",
      journal        = "JHEP",
      volume         = "11",
      pages          = "040",
      doi            = "10.1088/1126-6708/2004/11/040",
      year           = "2004",
      eprint         = "hep-ph/0409146",
      archivePrefix  = "arXiv",
}

@Article{Frixione:2007vw,
      author         = "Frixione, Stefano and Nason, Paolo and Oleari, Carlo",
      title          = "{Matching NLO QCD computations with parton shower
                        simulations: the POWHEG method}",
      journal        = "JHEP",
      volume         = "11",
      pages          = "070",
      doi            = "10.1088/1126-6708/2007/11/070",
      year           = "2007",
      eprint         = "0709.2092",
      archivePrefix  = "arXiv",
      primaryClass   = "hep-ph",
}

% Powheg-Box
@Article{Alioli:2010xd,
      author         = "Alioli, Simone and Nason, Paolo and Oleari, Carlo and Re,
                        Emanuele",
      title          = "{A general framework for implementing NLO calculations in
                        shower Monte Carlo programs: the POWHEG BOX}",
      journal        = "JHEP",
      volume         = "06",
      pages          = "043",
      doi            = "10.1007/JHEP06(2010)043",
      year           = "2010",
      eprint         = "1002.2581",
      archivePrefix  = "arXiv",
      primaryClass   = "hep-ph",
}

% Sherpa
@Article{Gleisberg:2008ta,
      author         = "Gleisberg, T. and H{\"o}che, S. and Krauss, F. and Sch{\"o}nherr, M. and Schumann, S. and others",
      title          = "{Event generation with SHERPA 1.1}",
      journal        = "JHEP",
      volume         = "02",
      pages          = "007",
      doi            = "10.1088/1126-6708/2009/02/007",
      year           = "2009",
      eprint         = "0811.4622",
      archivePrefix  = "arXiv",
      primaryClass   = "hep-ph",
}

% Sherpa - if ME+PS merging is used (almost always)
% MEPSatLO
@Article{Hoeche:2009rj,
      author         = "H{\"o}che, Stefan and Krauss, Frank and Schumann, Steffen and Siegert, Frank",
      title          = "{QCD matrix elements and truncated showers}",
      journal        = "JHEP",
      volume         = "05",
      pages          = "053",
      doi            = "10.1088/1126-6708/2009/05/053",
      year           = "2009",
      eprint         = "0903.1219",
      archivePrefix  = "arXiv",
      primaryClass   = "hep-ph",
}
% COMIX
@Article{Gleisberg:2008fv,
      author         = "Gleisberg, Tanju and H{\"o}che, Stefan",
      title          = "{Comix, a new matrix element generator}",
      journal        = "JHEP",
      volume         = "12",
      pages          = "039",
      doi            = "10.1088/1126-6708/2008/12/039",
      year           = "2008",
      eprint         = "0808.3674",
      archivePrefix  = "arXiv",
      primaryClass   = "hep-ph",
}
% C-S dipole shower
@Article{Schumann:2007mg,
      author         = "Schumann, Steffen and Krauss, Frank",
      title          = "{A Parton shower algorithm based on Catani-Seymour dipole
                        factorisation}",
      journal        = "JHEP",
      volume         = "03",
      pages          = "038",
      doi            = "10.1088/1126-6708/2008/03/038",
      year           = "2008",
      eprint         = "0709.1027",
      archivePrefix  = "arXiv",
      primaryClass   = "hep-ph",
}

% Sherpa with OpenLoops
@article{Cascioli:2011va,
      author         = "Cascioli, Fabio and Maierhofer, Philipp and Pozzorini,
                        Stefano",
      title          = "{Scattering Amplitudes with Open Loops}",
      journal        = "Phys. Rev. Lett.",
      volume         = "108",
      year           = "2012",
      pages          = "111601",
      doi            = "10.1103/PhysRevLett.108.111601",
      eprint         = "1111.5206",
      archivePrefix  = "arXiv",
      primaryClass   = "hep-ph",
      reportNumber   = "ZU-TH-23-11, LPN11-66",
      SLACcitation   = "%%CITATION = ARXIV:1111.5206;%%"
}

% MEPSatNLO
@article{Hoeche:2012yf,
      author         = "H{\"o}che, Stefan and Krauss, Frank and Sch{\"o}nherr, Marek and
                        Siegert, Frank",
      title          = "{QCD matrix elements + parton showers: The NLO case}",
      journal        = "JHEP",
      volume         = "04",
      year           = "2013",
      pages          = "027",
      doi            = "10.1007/JHEP04(2013)027",
      eprint         = "1207.5030",
      archivePrefix  = "arXiv",
      primaryClass   = "hep-ph",
      reportNumber   = "SLAC-PUB-15191, IPPP-12-52, DCPT-12-104, LPN12-081,
                        FR-PHENO-2012-017, MCNET-12-09, --FR-PHENO-2012-017",
      SLACcitation   = "%%CITATION = ARXIV:1207.5030;%%"
}

% Sherpa, if you are sensitive to QED FSR
@Article{Schonherr:2008av,
      author         = "Sch{\"o}nherr, Marek and Krauss, Frank",
      title          = "{Soft Photon Radiation in Particle Decays in SHERPA}",
      journal        = "JHEP",
      volume         = "12",
      pages          = "018",
      doi            = "10.1088/1126-6708/2008/12/018",
      year           = "2008",
      eprint         = "0810.5071",
      archivePrefix  = "arXiv",
      primaryClass   = "hep-ph",
}

% Photos++
@article{Davidson:2010ew,
      author         = "Davidson, N. and Przedzinski, T. and Was, Z.",
      title          = "{PHOTOS Interface in C++: Technical and Physics
                        Documentation}",
      year           = "2010",
      eprint         = "1011.0937",
      archivePrefix  = "arXiv",
      primaryClass   = "hep-ph",
      reportNumber   = "CERN-PH-TH-2010-261, IFJPAN-IV-2010-6",
      SLACcitation   = "%%CITATION = ARXIV:1011.0937;%%"
}

% Geant4
@article{Agostinelli:2002hh,
      author         = "Agostinelli, S. and others",
      title          = "{GEANT4: A Simulation toolkit}",
      collaboration  = "GEANT4",
      journal        = "Nucl. Instrum. Meth. A",
      volume         = "506",
      year           = "2003",
      pages          = "250",
      doi            = "10.1016/S0168-9002(03)01368-8",
      reportNumber   = "SLAC-PUB-9350, FERMILAB-PUB-03-339",
      SLACcitation   = "%%CITATION = NUIMA,A506,250;%%"
}

% Simulation - hadronic physics lists
@Article{Geant4PhysicsLists,
  author = "A. Ribon and others",
  title = "Status of Geant4 hadronic physics for the simulation of LHC experiments at the start of the LHC physics program",
  report = "CERN-LCGAPP-2010-02",
  url = "https://lcgapp.cern.ch/project/docs/noteStatusHadronic2010.pdf",
  year = 2010
}

% CLs
@Article{Read:2002hq,
    Author = {Read, Alexander L.},
    Journal = {J. Phys. G},
    Pages = {2693},
    doi = "10.1088/0954-3899/28/10/313",
    Title = {{Presentation of search results: the \(CL_S\) technique}},
    Volume = {28},
    Year = {2002}
}

% Asymptotic formulae
@Article{Cowan:2010js,
   Author = {Cowan, Glen and Cranmer, Kyle and Gross, Eilam and Vitells, Ofer},
   Title = {{Asymptotic formulae for likelihood-based tests of new physics}},
   Journal = {Eur. Phys. J. C},
   Volume = {71},
   Year = {2011},
   Pages = {1554},
   doi = "10.1140/epjc/s10052-011-1554-0",
   Eprint = "1007.1727",
   Archiveprefix = {arXiv},
   Primaryclass = {physics.data-an},
   related = "Cowan:2010js-err",
   relatedstring  = "Erratum:",
}

@Article{Cowan:2010js-err,
   Author = {Cowan, Glen and Cranmer, Kyle and Gross, Eilam and Vitells, Ofer},
   Journal = {Eur. Phys. J. C},
   Volume = {73},
   Year = {2013},
   Pages = {2501},
   doi = "10.1140/epjc/s10052-013-2501-z",
}

% RooFit
@Booklet{RooFit,
      author         = "Verkerke, Wouter and Kirkby, David",
      title          = "{The RooFit toolkit for data modeling}",
      year           = "2003",
      eprint         = "physics/0306116",
      archivePrefix  = "arXiv",
      primaryClass   = "physics.data-an",
}

% RooUnfold
@Booklet{Adye:2011gm,
      author         = "Adye, Tim",
      title          = "{Unfolding algorithms and tests using RooUnfold}",
      year           = "2011",
      eprint         = "1105.1160",
      archivePrefix  = "arXiv",
      primaryClass   = "physics.data-an"
}

% TMVA
@Booklet{TMVA,
      author         = "Hoecker, Andreas and others",
      title          = "{TMVA - Toolkit for Multivariate Data Analysis}",
      year           = "2007",
      eprint         = "physics/0703039",
      archivePrefix  = "arXiv",
      primaryClass   = "physics.data-an",
}

% ATLAS Recommended Significance
@Article{Cousins:2007bmb,
      author         = "Cousins, Robert D. and Linnemann, James T. and Tucker,
                        Jordan",
      title          = "{Evaluation of three methods for calculating statistical
                        significance when incorporating a systematic uncertainty
                        into a test of the background-only hypothesis for a
                        Poisson process}",
      journal        = "Nucl. Instrum. Meth. A",
      volume         = "595",
      year           = "2008",
      number         = "2",
      pages          = "480",
      doi            = "10.1016/j.nima.2008.07.086",
      eprint         = "physics/0702156",
      archivePrefix  = "arXiv",
      primaryClass   = "physics.data-an",
      SLACcitation   = "%%CITATION = PHYSICS/0702156;%%"
}

% Keras
@misc{chollet2015keras,
      author         = {Chollet, Fran\c{c}ois and others},
      title          = {Keras},
      year           = {2015},
      howpublished   = {\url{https://keras.io}},
}
