% Put you own bibliography entries in this file
@article{Abbott:2018ikt,
    author         = "Abbott, B. and others",
    title          = "{Production and integration of the ATLAS Insertable B-Layer}",
    journal        = "JINST",
    volume         = "13",
    year           = "2018",
    number         = "05",
    pages          = "T05008",
    doi            = "10.1088/1748-0221/13/05/t05008",
    eprint         = "1803.00844",
    archivePrefix  = "arXiv",
    primaryClass   = "physics.ins-det",
    SLACcitation   = "%%CITATION = ARXIV:1803.00844;%%"
}

@article{friedman2001,
author = "Friedman, Jerome H.",
doi = "10.1214/aos/1013203451",
fjournal = "The Annals of Statistics",
journal = "Ann. Statist.",
month = "10",
number = "5",
pages = "1189--1232",
publisher = "The Institute of Mathematical Statistics",
title = "Greedy function approximation: A gradient boosting machine.",
volume = "29",
year = "2001"
}

@Article{STDM-2017-23,
    author         = "{ATLAS Collaboration}",
    title          = "{Observation of electroweak \(W^{\pm}Z\) boson pair production in association with two jets in \(pp\) collisions at \(\sqrt{s} = 13\,\text{TeV}\) with the ATLAS detector}",
    journal        = "Phys. Lett.",
    year           = "2018",
    reportNumber   = "CERN-EP-2018-286",
    eprint         = "1812.09740",
    archivePrefix  = "arXiv",
    primaryClass   = "hep-ex",
}

@article{Bellm:2015jjp,
      author         = "Bellm, Johannes and others",
      title          = "{Herwig 7.0/Herwig++ 3.0 release note}",
      journal        = "Eur. Phys. J. C",
      volume         = "76",
      year           = "2016",
      number         = "4",
      pages          = "196",
      doi            = "10.1140/epjc/s10052-016-4018-8",
      eprint         = "1512.01178",
      archivePrefix  = "arXiv",
      primaryClass   = "hep-ph",
      reportNumber   = "CERN-PH-TH-2015-289, MAN-HEP-2015-15, IFJPAN-IV-2015-13,
                        KA-TP-18-2015, DCPT-15-142, MCNET-15-28, IPPP-15-71,
                        HERWIG-2015-01",
      SLACcitation   = "%%CITATION = ARXIV:1512.01178;%%"
}

@article{Bahr:2008pv,
      author         = "Bahr, M. and others",
      title          = "{Herwig++ Physics and Manual}",
      journal        = "Eur. Phys. J. C",
      volume         = "58",
      year           = "2008",
      pages          = "639-707",
      doi            = "10.1140/epjc/s10052-008-0798-9",
      eprint         = "0803.0883",
      archivePrefix  = "arXiv",
      primaryClass   = "hep-ph",
      reportNumber   = "CERN-PH-TH-2008-038, CAVENDISH-HEP-08-03, KA-TP-05-2008,
                        DCPT-08-22, IPPP-08-11, CP3-08-05",
      SLACcitation   = "%%CITATION = ARXIV:0803.0883;%%"
}

@article{Butterworth:2015oua,
      author         = "Butterworth, Jon and others",
      title          = "{PDF4LHC recommendations for LHC Run II}",
      journal        = "J. Phys. G",
      volume         = "43",
      year           = "2016",
      pages          = "023001",
      doi            = "10.1088/0954-3899/43/2/023001",
      eprint         = "1510.03865",
      archivePrefix  = "arXiv",
      primaryClass   = "hep-ph",
      reportNumber   = "OUTP-15-17P, SMU-HEP-15-12, TIF-UNIMI-2015-14,
                        LCTS-2015-27, CERN-PH-TH-2015-249",
      SLACcitation   = "%%CITATION = ARXIV:1510.03865;%%"
}

@article{Kauer:2013qba,
      author         = "Kauer, Nikolas",
      title          = "{Interference effects for H $\to$ WW/ZZ $\to
                        \ell\bar{\nu}_\ell\bar{\ell}\nu_\ell$ searches in gluon
                        fusion at the LHC}",
      journal        = "JHEP",
      volume         = "12",
      year           = "2013",
      pages          = "082",
      doi            = "10.1007/JHEP12(2013)082",
      eprint         = "1310.7011",
      archivePrefix  = "arXiv",
      primaryClass   = "hep-ph",
      SLACcitation   = "%%CITATION = ARXIV:1310.7011;%%"
}

@article{Alwall:2014hca,
      author         = "Alwall, J. and Frederix, R. and Frixione, S. and Hirschi,
                        V. and Maltoni, F. and Mattelaer, O. and Shao, H. -S. and
                        Stelzer, T. and Torrielli, P. and Zaro, M.",
      title          = "{The automated computation of tree-level and
                        next-to-leading order differential cross sections, and
                        their matching to parton shower simulations}",
      journal        = "JHEP",
      volume         = "07",
      year           = "2014",
      pages          = "079",
      doi            = "10.1007/JHEP07(2014)079",
      eprint         = "1405.0301",
      archivePrefix  = "arXiv",
      primaryClass   = "hep-ph",
      NOreportNumber   = "CERN-PH-TH-2014-064, CP3-14-18, LPN14-066, MCNET-14-09,
                        ZU-TH-14-14",
      SLACcitation   = "%%CITATION = ARXIV:1405.0301;%%"
}

@article{Ball:2012cx,
      author         = "Ball, Richard D. and others",
      title          = "{Parton distributions with LHC data}",
      journal        = "Nucl. Phys. B",
      volume         = "867",
      year           = "2013",
      pages          = "244-289",
      doi            = "10.1016/j.nuclphysb.2012.10.003",
      eprint         = "1207.1303",
      archivePrefix  = "arXiv",
      primaryClass   = "hep-ph",
      reportNumber   = "EDINBURGH-2012-08, IFUM-FT-997, FR-PHENO-2012-014,
                        RWTH-TTK-12-25, CERN-PH-TH-2012-037, SFB-CPP-12-47",
      SLACcitation   = "%%CITATION = ARXIV:1207.1303;%%"
}

@article{Gleisberg:2008ta,
      author         = "Gleisberg, T. and H{\"o}che, Stefan. and Krauss, F. and
                        Sch{\"o}nherr, M. and Schumann, S. and others",
      title          = "{Event generation with SHERPA 1.1}",
      journal        = "JHEP",
      volume         = "02",
      pages          = "007",
      doi            = "10.1088/1126-6708/2009/02/007",
      year           = "2009",
      eprint         = "0811.4622",
      archivePrefix  = "arXiv",
      primaryClass   = "hep-ph",
}

@article{ball2015parton,
      author         = "Ball, Richard D. and others",
      title          = "{Parton distributions for the LHC run II}",
      collaboration  = "NNPDF",
      journal        = "JHEP",
      volume         = "04",
      year           = "2015",
      pages          = "040",
      doi            = "10.1007/JHEP04(2015)040",
      eprint         = "1410.8849",
      archivePrefix  = "arXiv",
      primaryClass   = "hep-ph",
      reportNumber   = "EDINBURGH-2014-15, IFUM-1034-FT, CERN-PH-TH-2013-253,
                        OUTP-14-11P, CAVENDISH-HEP-14-11",
      SLACcitation   = "%%CITATION = ARXIV:1410.8849;%%"
}

@article{Frixione:2007nw,
      author         = "Frixione, Stefano and Ridolfi, Giovanni and Nason, Paolo",
      title          = "{A positive-weight next-to-leading-order Monte Carlo for
                        heavy flavour hadroproduction}",
      journal        = "JHEP",
      volume         = "09",
      year           = "2007",
      pages          = "126",
      doi            = "10.1088/1126-6708/2007/09/126",
      eprint         = "0707.3088",
      archivePrefix  = "arXiv",
      primaryClass   = "hep-ph",
      NOreportNumber   = "BICOCCA-FT-07-12, GEF-TH-19-2007",
      SLACcitation   = "%%CITATION = ARXIV:0707.3088;%%"
}

@Article{Lai:2010vv,
      author         = "Lai, Hung-Liang and others",
      title          = "{New parton distributions for collider physics}",
      journal        = "Phys. Rev. D",
      volume         = "82",
      pages          = "074024",
      doi            = "10.1103/PhysRevD.82.074024",
      year           = "2010",
      eprint         = "1007.2241",
      archivePrefix  = "arXiv",
      primaryClass   = "hep-ph",
      reportNumber   = "MSUHEP-100707, SMU-HEP-10-10",
      SLACcitation   = "%%CITATION = ARXIV:1007.2241;%%",
}

@article{Alioli:2009je,
      author         = "Alioli, Simone and Nason, Paolo and Oleari, Carlo and Re,
                        Emanuele",
      title          = "{NLO single-top production matched with shower in POWHEG:
                        s- and t-channel contributions}",
      journal        = "JHEP",
      volume         = "09",
      year           = "2009",
      pages          = "111",
      doi            = "10.1088/1126-6708/2009/09/111",
      eprint         = "0907.4076",
      archivePrefix  = "arXiv",
      primaryClass   = "hep-ph",
      SLACcitation   = "%%CITATION = ARXIV:0907.4076;%%"
}

@article{Frederix:2012dh,
      author         = "Frederix, Rikkert and Re, Emanuele and Torrielli, Paolo",
      title          = "{Single-top t-channel hadroproduction in the four-flavour
                        scheme with POWHEG and aMC@NLO}",
      journal        = "JHEP",
      volume         = "09",
      year           = "2012",
      pages          = "130",
      doi            = "10.1007/JHEP09(2012)130",
      eprint         = "1207.5391",
      archivePrefix  = "arXiv",
      primaryClass   = "hep-ph",
      NOreportNumber   = "ZU-TH-14-12, IPPP-12-54, DCPT-12-108,
                        CERN-PH-TH-2012-206, LPN12-084, MCNET-12-10, --LPN12-084",
      SLACcitation   = "%%CITATION = ARXIV:1207.5391;%%"
}

@article{Re:2010bp,
      author         = "Re, Emanuele",
      title          = "{Single-top Wt-channel production matched with parton
                        showers using the POWHEG method}",
      journal        = "Eur. Phys. J. C",
      volume         = "71",
      year           = "2011",
      pages          = "1547",
      doi            = "10.1140/epjc/s10052-011-1547-z",
      eprint         = "1009.2450",
      archivePrefix  = "arXiv",
      primaryClass   = "hep-ph",
      NOreportNumber   = "IPPP-10-74, DCPT-10-148",
      SLACcitation   = "%%CITATION = ARXIV:1009.2450;%%"
}

@article{Gleisberg:2008fv,
      author         = "Gleisberg, Tanju and H{\"o}che, Stefan",
      title          = "{Comix, a new matrix element generator}",
      journal        = "JHEP",
      volume         = "12",
      pages          = "039",
      doi            = "10.1088/1126-6708/2008/12/039",
      year           = "2008",
      eprint         = "0808.3674",
      archivePrefix  = "arXiv",
      primaryClass   = "hep-ph",
}

@article{Cascioli:2011va,
      author         = "Cascioli, Fabio and Maierhofer, Philipp and Pozzorini,
                        Stefano",
      title          = "{Scattering Amplitudes with Open Loops}",
      journal        = "Phys. Rev. Lett.",
      volume         = "108",
      year           = "2012",
      pages          = "111601",
      doi            = "10.1103/PhysRevLett.108.111601",
      eprint         = "1111.5206",
      archivePrefix  = "arXiv",
      primaryClass   = "hep-ph",
      reportNumber   = "ZU-TH-23-11, LPN11-66",
      SLACcitation   = "%%CITATION = ARXIV:1111.5206;%%"
}

@Article{Sjostrand:2007gs,
      author         = "{Sj\"ostrand}, Torbjorn and Mrenna, Stephen and Skands, Peter Z.",
      title          = "{A brief introduction to PYTHIA 8.1}",
      journal        = "Comput. Phys. Commun.",
      volume         = "178",
      pages          = "852",
      doi            = "10.1016/j.cpc.2008.01.036",
      year           = "2008",
      eprint         = "0710.3820",
      archivePrefix  = "arXiv",
      primaryClass   = "hep-ph",
      reportNumber   = "CERN-LCGAPP-2007-04, LU-TP-07-28,
                        FERMILAB-PUB-07-512-CD-T",
      SLACcitation   = "%%CITATION = ARXIV:0710.3820;%%",
}

@Booklet{ATL-PHYS-PUB-2014-021,
    author         = "{ATLAS Collaboration}",
    title          = "{ATLAS Pythia~8 tunes to $7\;\mbox{TeV}$ data}",
    howpublished   = "{ATL-PHYS-PUB-2014-021}",
    url            = "https://cds.cern.ch/record/1966419",
    year           = "2014",
}

@Article{SOFT-2010-01,
    author         = "{ATLAS Collaboration}",
    title          = "{The ATLAS Simulation Infrastructure}",
    journal        = "Eur. Phys. J. C",
    volume         = "70",
    year           = "2010",
    pages          = "823",
    doi            = "10.1140/epjc/s10052-010-1429-9",
    eprint         = "1005.4568",
    archivePrefix  = "arXiv",
    primaryClass   = "hep-ex",
}

@article{Agostinelli:2002hh,
      author         = "Agostinelli, S. and others",
      title          = "{\textsc{Geant4}---a simulation toolkit}",
      collaboration  = "GEANT4",
      journal        = "Nucl. Instrum. Meth. A",
      volume         = "506",
      year           = "2003",
      pages          = "250",
      doi            = "10.1016/S0168-9002(03)01368-8",
      reportNumber   = "SLAC-PUB-9350, FERMILAB-PUB-03-339",
      SLACcitation   = "%%CITATION = NUIMA,A506,250;%%"
}

@Article{PERF-2015-10,
    author         = "{ATLAS Collaboration}",
    title          = "{Muon reconstruction performance of the ATLAS detector in proton--proton collision data at \(\sqrt{s} = 13\,\text{TeV}\)}",
    journal        = "Eur. Phys. J. C",
    volume         = "76",
    year           = "2016",
    pages          = "292",
    doi            = "10.1140/epjc/s10052-016-4120-y",
    reportNumber   = "CERN-EP-2016-033",
    eprint         = "1603.05598",
    archivePrefix  = "arXiv",
    primaryClass   = "hep-ex",
}

@Article{PERF-2017-01,
    author         = "{ATLAS Collaboration}",
    title          = "{Electron reconstruction and identification in the ATLAS experiment using the 2015 and 2016 LHC proton--proton collision data at \(\sqrt{s}\) = \(13\,\text{TeV}\)}",
    journal        = "Eur. Phys. J.",
    year           = "2019",
    reportNumber   = "CERN-EP-2018-273",
    eprint         = "1902.04655",
    archivePrefix  = "arXiv",
    primaryClass   = "hep-ex",
}

@article{antikt_algorithm,
      author         = "Cacciari, Matteo and Salam, Gavin P. and Soyez, Gregory",
      title          = "{The anti-$k_t$ jet clustering algorithm}",
      journal        = "JHEP",
      volume         = "04",
      year           = "2008",
      pages          = "063",
      doi            = "10.1088/1126-6708/2008/04/063",
      eprint         = "0802.1189",
      archivePrefix  = "arXiv",
      primaryClass   = "hep-ph",
      NOreportNumber   = "LPTHE-07-03",
      SLACcitation   = "%%CITATION = ARXIV:0802.1189;%%"
}

@Article{Fastjet,
      author         = "Cacciari, Matteo and Salam, Gavin P. and Soyez, Gregory",
      title          = "{FastJet User Manual}",
      journal        = "Eur. Phys. J. C",
      volume         = "72",
      year           = "2012",
      pages          = "1896",
      doi            = "10.1140/epjc/s10052-012-1896-2",
      eprint         = "1111.6097",
      archivePrefix  = "arXiv",
      primaryClass   = "hep-ph",
      reportNumber   = "CERN-PH-TH-2011-297",
      SLACcitation   = "%%CITATION = ARXIV:1111.6097;%%"
}

@Article{PERF-2014-03,
    author         = "{ATLAS Collaboration}",
    title          = "{Performance of pile-up mitigation techniques for jets in \(pp\) collisions at \(\sqrt{s} = 8\,\text{TeV}\) using the ATLAS detector}",
    journal        = "Eur. Phys. J. C",
    volume         = "76",
    year           = "2016",
    pages          = "581",
    doi            = "10.1140/epjc/s10052-016-4395-z",
    reportNumber   = "CERN-PH-EP-2015-206",
    eprint         = "1510.03823",
    archivePrefix  = "arXiv",
    primaryClass   = "hep-ex",
}

@Article{PERF-2012-04,
    author         = "{ATLAS Collaboration}",
    title          = "{Performance of \(b\)-jet identification in the ATLAS experiment}",
    journal        = "JINST",
    volume         = "11",
    year           = "2016",
    pages          = "P04008",
    doi            = "10.1088/1748-0221/11/04/P04008",
    reportNumber   = "CERN-PH-EP-2015-216",
    eprint         = "1512.01094",
    archivePrefix  = "arXiv",
    primaryClass   = "hep-ex",
}

@article{PhysRevD.92.094028,
  title = {QCD corrections to $ZZ$ production in gluon fusion at the LHC},
  author = {Caola, Fabrizio and Melnikov, Kirill and R\"ontsch, Raoul and Tancredi, Lorenzo},
  journal = {Phys. Rev. D},
  volume = {92},
  issue = {9},
  pages = {094028},
  numpages = {9},
  year = {2015},
  publisher = {American Physical Society},
  doi = {10.1103/PhysRevD.92.094028},
  eprint         = "1509.06734",
  archivePrefix  = "arXiv",
  primaryClass   = "hep-ph",
}


@Article{HIGG-2012-27,
    author         = "{ATLAS Collaboration}",
    title          = "{Observation of a new particle in the search for the Standard Model Higgs boson with the ATLAS detector at the LHC}",
    journal        = "Phys. Lett. B",
    volume         = "716",
    year           = "2012",
    pages          = "1",
    doi            = "10.1016/j.physletb.2012.08.020",
    reportNumber   = "CERN-PH-EP-2012-218",
    eprint         = "1207.7214",
    archivePrefix  = "arXiv",
    primaryClass   = "hep-ex",
}

@Article{CMS-HIG-12-028,
    author         = "{CMS Collaboration}",
    title          = "{Observation of a new boson at a mass of 125 GeV with the CMS experiment at the LHC}",
    journal        = "Phys. Lett. B",
    volume         = "716",
    year           = "2012",
    pages          = "30",
    doi            = "10.1016/j.physletb.2012.08.021",
    reportNumber   = "CERN-PH-EP-2012-220",
    eprint         = "1207.7235",
    archivePrefix  = "arXiv",
    primaryClass   = "hep-ex",
}

@article{Lee:1977yc,
      author         = "Lee, Benjamin W. and Quigg, C. and Thacker, H. B.",
      title          = "{Strength of Weak Interactions at Very High Energies
                        and the Higgs Boson Mass}",
      journal        = "Phys. Rev. Lett.",
      volume         = "38",
      year           = "1977",
      pages          = "883-885",
      doi            = "10.1103/PhysRevLett.38.883",
      reportNumber   = "FERMILAB-PUB-77-22-THY, FERMILAB-PUB-77-022-T",
      SLACcitation   = "%%CITATION = PRLTA,38,883;%%"
}

@article{Chanowitz:1985hj,
      author         = "Chanowitz, Michael S. and Gaillard, Mary K.",
      title          = "{The TeV physics of strongly interacting W's and Z's}",
      journal        = "Nucl. Phys. B",
      volume         = "261",
      year           = "1985",
      pages          = "379-431",
      doi            = "10.1016/0550-3213(85)90580-2",
      reportNumber   = "LBL-19470, UCB-PTH-85/19",
      SLACcitation   = "%%CITATION = NUPHA,B261,379;%%"
}

@article{Szleper:2014xxa,
      author         = "Szleper, MichaÅ‚",
      title          = "{The Higgs boson and the physics of $WW$ scattering
                        before and after Higgs discovery}",
      year           = "2014",
      eprint         = "1412.8367",
      archivePrefix  = "arXiv",
      primaryClass   = "hep-ph",
      SLACcitation   = "%%CITATION = ARXIV:1412.8367;%%"
}

@article{ArkaniHamed:2002qy,
      author         = "Arkani-Hamed, N. and Cohen, A. G. and Katz, E. and
                        Nelson, A. E.",
      title          = "{The Littlest Higgs}",
      journal        = "JHEP",
      volume         = "07",
      year           = "2002",
      pages          = "034",
      doi            = "10.1088/1126-6708/2002/07/034",
      eprint         = "hep-ph/0206021",
      archivePrefix  = "arXiv",
      primaryClass   = "hep-ph",
      reportNumber   = "UW-PT-01-07, HUTP-02-A017, BUHEP-02-23",
      SLACcitation   = "%%CITATION = HEP-PH/0206021;%%"
}

@article{Aaboud:2019nmv,
      author         = "{ATLAS Collaboration}",
      title          = "{Observation of electroweak production of a same-sign $W$
                        boson pair in association with two jets in $pp$ collisions
                        at $\sqrt{s}=13$ TeV with the ATLAS detector}",
      journal        = "Phys. Rev. Lett.",
      year           = "2019",
      eprint         = "1906.03203",
      archivePrefix  = "arXiv",
      primaryClass   = "hep-ex",
      reportNumber   = "CERN-EP-2019-008",
      SLACcitation   = "%%CITATION = ARXIV:1906.03203;%%"
}

@article{Aaboud:2018ddq,
      author         = "{ATLAS Collaboration}",
      title          = "{Observation of electroweak $W^{\pm}Z$ boson pair
                        production in association with two jets in $pp$ collisions
                        at $\sqrt{s} =$ 13 TeV with the ATLAS detector}",
      collaboration  = "ATLAS",
      journal        = "Phys. Lett. B",
      volume         = "793",
      year           = "2019",
      pages          = "469-492",
      doi            = "10.1016/j.physletb.2019.05.012",
      eprint         = "1812.09740",
      archivePrefix  = "arXiv",
      primaryClass   = "hep-ex",
      reportNumber   = "CERN-EP-2018-286",
      SLACcitation   = "%%CITATION = ARXIV:1812.09740;%%"
}

@article{Sirunyan:2017ret,
      author         = "{CMS Collaboration}",
      title          = "{Observation of Electroweak Production of Same-Sign W
                        Boson Pairs in the Two Jet and Two Same-Sign Lepton Final
                        State in Proton-Proton Collisions at $\sqrt{s} = $ 13
                        TeV}",
      journal        = "Phys. Rev. Lett.",
      volume         = "120",
      year           = "2018",
      number         = "8",
      pages          = "081801",
      doi            = "10.1103/PhysRevLett.120.081801",
      eprint         = "1709.05822",
      archivePrefix  = "arXiv",
      primaryClass   = "hep-ex",
      reportNumber   = "CMS-SMP-17-004, CERN-EP-2017-232",
      SLACcitation   = "%%CITATION = ARXIV:1709.05822;%%"
}


@article{Sirunyan:2017fvv,
      author         = "{CMS Collaboration}",
      title          = "{Measurement of vector boson scattering and constraints
                        on anomalous quartic couplings from events with four
                        leptons and two jets in proton–proton collisions at
                        $\sqrt{s} = $ 13 TeV}",
      journal        = "Phys. Lett. B",
      volume         = "774",
      year           = "2017",
      pages          = "682-705",
      doi            = "10.1016/j.physletb.2017.10.020",
      eprint         = "1708.02812",
      archivePrefix  = "arXiv",
      primaryClass   = "hep-ex",
      reportNumber   = "CMS-SMP-17-006, CERN-EP-2017-177",
      SLACcitation   = "%%CITATION = ARXIV:1708.02812;%%"
}

@Article{PERF-2007-01,
    author         = "{ATLAS Collaboration}",
    title          = "{The ATLAS Experiment at the CERN Large Hadron Collider}",
    journal        = "JINST",
    volume         = "3",
    year           = "2008",
    pages          = "S08003",
    doi            = "10.1088/1748-0221/3/08/S08003",
    primaryClass   = "hep-ex",
}

@Booklet{ATLAS-TDR-2010-19,
    author         = "{ATLAS Collaboration}",
    title          = "{ATLAS Insertable B-Layer Technical Design Report}",
    howpublished   = "ATLAS-TDR-19",
    url            = "https://cds.cern.ch/record/1291633",
    year           = "2010",
    related        = "ATLAS-TDR-2010-19-add",
    relatedstring  = "Addendum:",
}

@Booklet{ATLAS-TDR-2010-19-add,
    author         = "{ATLAS Collaboration}",
    howpublished   = "ATLAS-TDR-19-ADD-1",
    url            = "https://cds.cern.ch/record/1451888",
    year           = "2012",
}

@Article{TRIG-2016-01,
    author         = "{ATLAS Collaboration}",
    title          = "{Performance of the ATLAS trigger system in 2015}",
    journal        = "Eur. Phys. J. C",
    volume         = "77",
    year           = "2017",
    pages          = "317",
    doi            = "10.1140/epjc/s10052-017-4852-3",
    reportNumber   = "CERN-EP-2016-241",
    eprint         = "1611.09661",
    archivePrefix  = "arXiv",
    primaryClass   = "hep-ex",
}

@article{Gao:2013xoa,
      author         = "Gao, Jun and Guzzi, Marco and Huston, Joey and Lai,
                        Hung-Liang and Li, Zhao and Nadolsky, Pavel and Pumplin,
                        Jon and Stump, Daniel and Yuan, C. -P.",
      title          = "{CT10 next-to-next-to-leading order global analysis of
                        QCD}",
      journal        = "Phys. Rev. D",
      volume         = "89",
      year           = "2014",
      number         = "3",
      pages          = "033009",
      doi            = "10.1103/PhysRevD.89.033009",
      eprint         = "1302.6246",
      archivePrefix  = "arXiv",
      primaryClass   = "hep-ph",
      reportNumber   = "SMU-HEP-12-23",
      SLACcitation   = "%%CITATION = ARXIV:1302.6246;%%"
}

@article{Aaboud:2019ynx,
      author         = "{ATLAS Collaboration}",
      title          = "{Electron reconstruction and identification in the ATLAS
                        experiment using the 2015 and 2016 LHC proton-proton
                        collision data at $\sqrt{s}$ = 13 TeV}",
      journal        = "Eur. Phys. J. C",
      year           = "2019",
      eprint         = "1902.04655",
      archivePrefix  = "arXiv",
      primaryClass   = "physics.ins-det",
      reportNumber   = "CERN-EP-2018-273",
      SLACcitation   = "%%CITATION = ARXIV:1902.04655;%%"
}

@article{Aaboud:2017jcu,
      author         = "{ATLAS Collaboration}",
      title          = "{Jet energy scale measurements and their systematic
                        uncertainties in proton-proton collisions at $\sqrt{s} =
                        13$ TeV with the ATLAS detector}",
      collaboration  = "ATLAS",
      journal        = "Phys. Rev. D",
      volume         = "96",
      year           = "2017",
      number         = "7",
      pages          = "072002",
      doi            = "10.1103/PhysRevD.96.072002",
      eprint         = "1703.09665",
      archivePrefix  = "arXiv",
      primaryClass   = "hep-ex",
      reportNumber   = "CERN-EP-2017-038",
      SLACcitation   = "%%CITATION = ARXIV:1703.09665;%%"
}

@article{bjets,
     author    = "{ATLAS Collaboration}",
      title          = "{Performance of $b$-jet identification in the ATLAS
                        experiment}",
      collaboration  = "ATLAS",
      journal        = "JINST",
      volume         = "11",
      year           = "2016",
      number         = "04",
      pages          = "P04008",
      doi            = "10.1088/1748-0221/11/04/P04008",
      eprint         = "1512.01094",
      archivePrefix  = "arXiv",
      primaryClass   = "hep-ex",
      reportNumber   = "CERN-PH-EP-2015-216",
      SLACcitation   = "%%CITATION = ARXIV:1512.01094;%%"
}

@article{ATL-PHYS-PUB-2015-027,
    author         = "{ATLAS Collaboration}",
    title          = "{Performance of missing transverse momentum reconstruction with the ATLAS detector 
                        using proton–proton collisions at $\sqrt{s}$ = 13 \TeV}",
    journal        = "\EPJC",
    year           = "2018",
    volume         = "78",
    pages          = "903",
    doi            = "10.1140/epjc/s10052-018-6288-9",
    eprint         = "1802.08168",
    archivePrefix  = "arXiv",
    primaryClass   = "hep-ex",
    reportNumber   = "{ATL-PHYS-PUB-2015-027}",
}

@article{Aad:2016eki,
      author         = "{ATLAS Collaboration}",
      title          = "{Search for pair production of gluinos decaying via stop
                        and sbottom in events with $b$-jets and large missing
                        transverse momentum in $pp$ collisions at $\sqrt{s} = 13$
                        TeV with the ATLAS detector}",
      collaboration  = "ATLAS",
      journal        = "\PRD",
      volume         = "94",
      year           = "2016",
      number         = "3",
      pages          = "032003",
      doi            = "10.1103/PhysRevD.94.032003",
      eprint         = "1605.09318",
      archivePrefix  = "arXiv",
      primaryClass   = "hep-ex",
      reportNumber   = "CERN-EP-2016-061",
      SLACcitation   = "%%CITATION = ARXIV:1605.09318;%%"
}

@Booklet{ATLAS-CONF-2018-038,
    author         = "{ATLAS Collaboration}",
    title          = "{Object-based missing transverse momentum significance in the ATLAS detector}",
    howpublished   = "{ATLAS-CONF-2018-038}",
    url            = "https://cds.cern.ch/record/2630948",
    year           = "2018",
}

@article{LUCID2,
  author={G. Avoni and others},
  title={The new LUCID-2 detector for luminosity measurement and monitoring in ATLAS},
  journal={JINST},
  volume={13},
  number={07},
  pages={P07017},
  doi="10.1088/1748-0221/13/07/P07017",
  year={2018},
}

@Booklet{ATLAS-CONF-2019-021,
    author         = "{ATLAS Collaboration}",
    title         = "{Luminosity determination in $pp$ collisions at
                       $\sqrt{s}=13$ TeV using the ATLAS detector at the LHC}",
    howpublished   = "{ATLAS-CONF-2019-021}",
    url            = "http://cds.cern.ch/record/2677054",
    year           = "2019",
}

@article{Aaboud:2017rwm,
      author         = "{ATLAS Collaboration}",
      title          = "{$ZZ \to \ell^{+}\ell^{-}\ell^{\prime +}\ell^{\prime -}$
                        cross-section measurements and search for anomalous triple
                        gauge couplings in 13 TeV $pp$ collisions with the ATLAS
                        detector}",
      journal        = "Phys. Rev. D",
      volume         = "97",
      year           = "2018",
      number         = "3",
      pages          = "032005",
      doi            = "10.1103/PhysRevD.97.032005",
      eprint         = "1709.07703",
      archivePrefix  = "arXiv",
      primaryClass   = "hep-ex",
      reportNumber   = "CERN-EP-2017-163",
      SLACcitation   = "%%CITATION = ARXIV:1709.07703;%%"
}

@article{Aaboud:2017bja,
      author         = "{ATLAS Collaboration}",
      title          = "{Search for an invisibly decaying Higgs boson or dark
                        matter candidates produced in association with a $Z$ boson
                        in $pp$ collisions at $\sqrt{s} =$ 13 TeV with the ATLAS
                        detector}",
      collaboration  = "ATLAS",
      journal        = "Phys. Lett. B",
      volume         = "776",
      year           = "2018",
      pages          = "318-337",
      doi            = "10.1016/j.physletb.2017.11.049",
      eprint         = "1708.09624",
      archivePrefix  = "arXiv",
      primaryClass   = "hep-ex",
      reportNumber   = "CERN-EP-2017-166",
      SLACcitation   = "%%CITATION = ARXIV:1708.09624;%%"
}

@article{Roe:2004na,
      author         = "Roe, Byron P. and Yang, Hai-Jun and Zhu, Ji and Liu, Yong
                        and Stancu, Ion and McGregor, Gordon",
      title          = "{Boosted decision trees, an alternative to artificial
                        neural networks}",
      journal        = "Nucl. Instrum. Meth. A",
      volume         = "543",
      year           = "2005",
      number         = "2-3",
      pages          = "577-584",
      doi            = "10.1016/j.nima.2004.12.018",
      eprint         = "physics/0408124",
      archivePrefix  = "arXiv",
      primaryClass   = "physics",
      SLACcitation   = "%%CITATION = PHYSICS/0408124;%%"
}

@article{Hocker:2007ht,
      author         = "H{\"o}cker, Andreas and others",
      title          = "{TMVA - Toolkit for Multivariate Data Analysis}",
      year           = "2007",
      eprint         = "physics/0703039",
      archivePrefix  = "arXiv",
      primaryClass   = "physics.data-an",
      reportNumber   = "CERN-OPEN-2007-007",
      SLACcitation   = "%%CITATION = PHYSICS/0703039;%%"
}

@article{cowan:Asymptotic2013,
      author         = "Cowan, Glen and Cranmer, Kyle and Gross, Eilam and Vitells, Ofer",
      title          = "{Asymptotic formulae for likelihood-based tests of new physics}",
      journal        = "\EPJC",
      year           = "2011",
      volume         = "71",
      pages          = "1554",
      doi            = "10.1140/epjc/s10052-011-1554-0",
      eprint         = "1007.1727",
      archivePrefix  = "arXiv",
      primaryClass   = "hep-ph",
      SLACcitation   = "%%CITATION = ARXIV:1007.1727;%%"
}
